@article{Nobre:2018:VMC,
  title = {Lineage: Visualizing Multivariate Clinical Data in Genealogy Graphs},
  author = {Carolina Nobre and Nils Gehlenborg and Hilary Coon and Alexander Lex},
  journal = {IEEE Transactions on Visualization and Computer Graphics},
  year = {2018},
  doi = {https://doi.org/10.1109/TVCG.2018.2811488},
}

@article{Elzen:2014:DOSA,
  author = {S. {van den Elzen} and J. J. {van Wijk}},
  journal = {IEEE Transactions on Visualization and Computer Graphics}, 
  title = {Multivariate Network Exploration and Presentation: From Detail to Overview via Selections and Aggregations}, 
  year = {2014},
  volume = {20},
  number = {12},
  pages = {2310-2319},
  doi = {https://doi.org/10.1109/TVCG.2014.2346441},
}


@inproceedings{Lee:2006:TTGV,
  author = {Lee, Bongshin and Plaisant, Catherine and Parr, Cynthia Sims and Fekete, Jean-Daniel and Henry, Nathalie},
  title = {Task Taxonomy for Graph Visualization},
  year = {2006},
  isbn = {1595935622},
  publisher = {Association for Computing Machinery},
  address = {New York, NY, USA},
  doi = {https://doi.org/10.1145/1168149.1168168},
  booktitle = {Proceedings of the 2006 AVI Workshop on BEyond Time and Errors: Novel Evaluation Methods for Information Visualization},
  pages = {1â€“5},
  numpages = {5},
  location = {Venice, Italy},
  series = {BELIV '06}
}

@misc{BioVis:2020:WS,
  author = {Anamaria Crisan and Carolina Nobre},
  title = {BioVis Challenges Workshop},
  howpublish = {IEEE Transactions on Visualization and Computer Graphics},
  year = {2020},
  url = {http://biovis.net/2020/biovisChallenges_vis/},
}

@misc{Asturiano:2018:FG,
  author = {Vasco Asturiano},
  title = {Force-directed graph rendered on HTML5 canvas},
  howpublish = {GitHub},
  year = {2018},
  url = {https://github.com/vasturiano/force-graph}
}